<record><leader>00916cam a2200289 a 4500</leader><controlfield tag="001">1001415</controlfield><controlfield tag="008">880408s1985    enk      b        0 eng d</controlfield><datafield ind1=" " ind2=" " tag="010"><subfield code="a">   86673976</subfield></datafield><datafield ind1=" " ind2=" " tag="020"><subfield code="a">0631145087</subfield></datafield><datafield ind1=" " ind2=" " tag="035"><subfield code="a">ocm15085141</subfield></datafield><datafield ind1=" " ind2=" " tag="040"><subfield code="a">MH</subfield><subfield code="b">eng</subfield><subfield code="c">MH</subfield></datafield><datafield ind1=" " ind2=" " tag="049"><subfield code="a">AEU</subfield><subfield code="b">eng</subfield></datafield><datafield ind1="1" ind2="0" tag="050"><subfield code="a">HC79.P6</subfield><subfield code="b">S36x 1985</subfield></datafield><datafield ind1="0" ind2=" " tag="090"><subfield code="a">HC 79 P6 S438 1985</subfield></datafield><datafield ind1="1" ind2=" " tag="100"><subfield code="a">Seabrook, Jeremy,</subfield><subfield code="d">1939-</subfield></datafield><datafield ind1="1" ind2="0" tag="245"><subfield code="a">Landscapes of poverty /</subfield><subfield code="c">Jeremy Seabrook.</subfield></datafield><datafield ind1=" " ind2=" " tag="260"><subfield code="a">Oxford, U.K. :</subfield><subfield code="b">B. Blackwell,</subfield><subfield code="c">1985.</subfield></datafield><datafield ind1=" " ind2=" " tag="300"><subfield code="a">x, 175 p. ;</subfield><subfield code="c">24 cm.</subfield></datafield><datafield ind1=" " ind2=" " tag="336"><subfield code="a">text</subfield><subfield code="b">txt</subfield><subfield code="2">rdacontent</subfield></datafield><datafield ind1=" " ind2=" " tag="337"><subfield code="a">unmediated</subfield><subfield code="b">n</subfield><subfield code="2">rdamedia</subfield></datafield><datafield ind1=" " ind2=" " tag="338"><subfield code="a">volume</subfield><subfield code="b">nc</subfield><subfield code="2">rdacarrier</subfield></datafield><datafield ind1=" " ind2=" " tag="504"><subfield code="a">Includes bibliographical references.</subfield></datafield><datafield ind1=" " ind2=" " tag="596"><subfield code="a">43</subfield></datafield><datafield ind1=" " ind2="0" tag="650"><subfield code="a">Poverty.</subfield></datafield><datafield ind1=" " ind2="0" tag="650"><subfield code="a">Capitalism.</subfield></datafield><datafield ind1=" " ind2="0" tag="650"><subfield code="a">International economic relations.</subfield></datafield><datafield ind1=" " ind2=" " tag="926"><subfield code="a">HC 79 P6 S438 1985</subfield><subfield code="w">LC</subfield><subfield code="c">1</subfield><subfield code="i">000024069312</subfield><subfield code="d">12/2/2003</subfield><subfield code="e">9/16/2003</subfield><subfield code="l">ON_SHELF</subfield><subfield code="m">UAHSS</subfield><subfield code="n">17</subfield><subfield code="p">$150.00</subfield><subfield code="r">Y</subfield><subfield code="s">Y</subfield><subfield code="t">BOOK</subfield><subfield code="u">4/11/1988</subfield></datafield></record>